
@article{gula2015,
	title = {Gulf {Stream} {Dynamics} along the {Southeastern} {U}.{S}. {Seaboard}},
	volume = {45},
	issn = {0022-3670, 1520-0485},
	url = {},
	doi = {10.1175/JPO-D-14-0154.1},
	abstract = {},
	language = {en},
	number = {3},
	urldate = {2019-04-24},
	journal = {Journal of Physical Oceanography},
	author = {Gula, Jonathan and Molemaker, M. Jeroen and McWilliams, James C.},
	month = mar,
	year = {2015},
	pages = {690--715},
	file = {}
}

@article{shchepetkin2005,
	title = {The regional oceanic modeling system ({ROMS}): a split-explicit, free-surface, topography-following-coordinate oceanic model},
	volume = {9},
	issn = {14635003},
	shorttitle = {The regional oceanic modeling system ({ROMS})},
	url = {},
	doi = {10.1016/j.ocemod.2004.08.002},
	language = {en},
	number = {4},
	journal = {Ocean Modelling},
	author = {Shchepetkin, Alexander F. and McWilliams, James C.},
	month = jan,
	year = {2005},
	pages = {347--404},
	file = {}
}

@article{debreu2012,
	title = {Two-way nesting in split-explicit ocean models: {Algorithms}, implementation and validation},
	volume = {49-50},
	issn = {14635003},
	shorttitle = {Two-way nesting in split-explicit ocean models},
	url = {},
	doi = {10.1016/j.ocemod.2012.03.003},
	abstract = {},
	language = {en},
	journal = {Ocean Modelling},
	author = {Debreu, Laurent and Marchesiello, Patrick and Penven, Pierrick and Cambon, Gildas},
	month = jun,
	year = {2012},
	pages = {1--21},
	file = {}
}

@incollection{shchepetkin2009,
	title = {Computational {Kernel} {Algorithms} for {Fine}-{Scale}, {Multiprocess}, {Longtime} {Oceanic} {Simulations}},
	volume = {14},
	isbn = {978-0-444-51893-4},
	url = {},
	abstract = {},
	language = {en},
	urldate = {2019-04-24},
	booktitle = {Handbook of {Numerical} {Analysis}},
	publisher = {Elsevier},
	author = {Shchepetkin, Alexander F. and McWilliams, James C.},
	year = {2009},
	doi = {10.1016/S1570-8659(08)01202-0},
	pages = {121--183},
	file = {}
}

@article{shchepetkin2011,
	title = {Accurate {Boussinesq} oceanic modeling with a practical, “{Stiffened}” {Equation} of {State}},
	volume = {38},
	issn = {14635003},
	doi = {10.1016/j.ocemod.2011.01.010},
	abstract = {},
	language = {en},
	number = {1-2},
	urldate = {2020-01-08},
	journal = {Ocean Modelling},
	author = {Shchepetkin, Alexander F. and McWilliams, James C.},
	month = jan,
	year = {2011},
	pages = {41--70},
	file = {}
}

@article{renault2016,
	title = {Control and {Stabilization} of the {Gulf} {Stream} by {Oceanic} {Current} {Interaction} with the {Atmosphere}},
	volume = {46},
	issn = {0022-3670, 1520-0485},
	url = {},
	doi = {10.1175/JPO-D-16-0115.1},
	abstract = {},
	language = {en},
	number = {11},
	urldate = {2019-04-24},
	journal = {Journal of Physical Oceanography},
	author = {Renault, Lionel and Molemaker, M. Jeroen and Gula, Jonathan and Masson, Sebastien and McWilliams, James C.},
	month = nov,
	year = {2016},
	pages = {3439--3453},
	file = {}
}

@article{chelton1998,
	title = {Geographical {Variability} of the {First} {Baroclinic} {Rossby} {Radius} of {Deformation}},
	volume = {28},
	abstract = {},
	language = {en},
	journal = {JOURNAL OF PHYSICAL OCEANOGRAPHY},
	author = {Chelton, Dudley B and Deszoeke, Roland A and Schlax, Michael G and Naggar, Karim El and Siwertz, Nicolas},
	year = {1998},
	pages = {28},
	file = {}
}

@article{sandwell1997,
	title = {Marine gravity anomaly from {Geosat} and {ERS} 1 satellite altimetry},
	volume = {102},
	issn = {01480227},
	url = {},
	doi = {10.1029/96JB03223},
	abstract = {},
	language = {en},
	number = {B5},
	urldate = {2019-04-24},
	journal = {Journal of Geophysical Research: Solid Earth},
	author = {Sandwell, David T. and Smith, Walter H. F.},
	month = may,
	year = {1997},
	pages = {10039--10054},
	file = {}
}

@article{carton2008,
	title = {A {Reanalysis} of {Ocean} {Climate} {Using} {Simple} {Ocean} {Data} {Assimilation} ({SODA})},
	volume = {136},
	issn = {0027-0644, 1520-0493},
	url = {},
	doi = {10.1175/2007MWR1978.1},
	abstract = {},
	language = {en},
	number = {8},
	urldate = {2019-04-24},
	journal = {Monthly Weather Review},
	author = {Carton, James A. and Giese, Benjamin S.},
	month = aug,
	year = {2008},
	pages = {2999--3017},
	file = {}
}

@article{gaillard2016,
	title = {In {Situ}–{Based} {Reanalysis} of the {Global} {Ocean} {Temperature} and {Salinity} with {ISAS}: {Variability} of the {Heat} {Content} and {Steric} {Height}},
	volume = {29},
	issn = {0894-8755, 1520-0442},
	shorttitle = {In {Situ}–{Based} {Reanalysis} of the {Global} {Ocean} {Temperature} and {Salinity} with {ISAS}},
	doi = {10.1175/JCLI-D-15-0028.1},
	abstract = {},
	language = {en},
	number = {4},
	urldate = {2020-01-07},
	journal = {Journal of Climate},
	author = {Gaillard, Fabienne and Reynaud, Thierry and Thierry, Virginie and Kolodziejczyk, Nicolas and von Schuckmann, Karina},
	month = feb,
	year = {2016},
	pages = {1305--1323},
	file = {}
}

@article{lemarie2012,
	title = {Are there inescapable issues prohibiting the use of terrain-following coordinates in climate models?},
	volume = {42},
	issn = {14635003},
	url = {},
	doi = {10.1016/j.ocemod.2011.11.007},
	abstract = {},
	language = {en},
	urldate = {2019-04-24},
	journal = {Ocean Modelling},
	author = {Lemari\'e, Florian and Kurian, Jaison and Shchepetkin, Alexander F. and Jeroen Molemaker, M. and Colas, François and McWilliams, James C.},
	month = jan,
	year = {2012},
	pages = {57--79},
	file = {}
}

@article{umlauf2003,
	title = {A generic length-scale equation for geophysical turbulence models},
	volume = {61},
	issn = {15439542, 00222402},
	url = {},
	doi = {10.1357/002224003322005087},
	abstract = {},
	language = {en},
	number = {2},
	urldate = {2019-04-24},
	journal = {Journal of Marine Research},
	author = {Umlauf, L. and Burchard, H.},
	month = mar,
	year = {2003},
	pages = {235--265},
	file = {}
}

@article{beckmann1993,
	title = {Numerical {Simulation} of {Flow} around a {Tall} {Isolated} {Seamount}. {Part} {I}: {Problem} {Formulation} and {Model} {Accuracy}},
	volume = {23},
	url = {},
	doi = {10.1175/1520-0485(1993)023<1736:NSOFAA>2.0.CO;2},
	language = {en},
	number = {8},
	journal = {Journal of Physical Oceanography},
	author = {Beckmann, Aike and Haidvogel, Dale B.},
	month = aug,
	year = {1993},
	pages = {1736--1753},
	file = {}
}

@article{ollitrault2013,
	title = {{ANDRO}: {An} {Argo}-{Based} {Deep} {Displacement} {Dataset}},
	volume = {30},
	issn = {0739-0572, 1520-0426},
	shorttitle = {{ANDRO}},
	url = {},
	doi = {10.1175/JTECH-D-12-00073.1},
	abstract = {},
	language = {en},
	number = {4},
	urldate = {2019-04-24},
	journal = {Journal of Atmospheric and Oceanic Technology},
	author = {Ollitrault, Michel and Rannou, Jean-Philippe},
	month = apr,
	year = {2013},
	pages = {759--788},
	file = {}
}

@article{lebedev2007,
	title = {{YoMaHa}'07: {Velocity} data assessed from trajectories of {Argo} floats at parking level and at the sea surface},
	shorttitle = {{YoMaHa}'07},
	url = {},
	doi = {10.13140/rg.2.2.12820.71041},
	abstract = {},
	language = {en},
	urldate = {2019-04-24},
	author = {Lebedev, Konstantin V and Yoshinari, Hiroshi and Maximenko, Nikolai A and Hacker, Peter W},
	year = {2007},
	file = {}
}

@article{reverdin2003,
	title = {North {Atlantic} {Ocean} surface currents},
	volume = {108},
	issn = {0148-0227},
	url = {},
	doi = {10.1029/2001JC001020},
	language = {en},
	number = {C1},
	urldate = {2019-04-24},
	journal = {Journal of Geophysical Research},
	author = {Reverdin, Gilles},
	year = {2003},
	pages = {3002},
	file = {}
}

@article{flatau2003,
	title = {The {North} {Atlantic} {Oscillation}, {Surface} {Current} {Velocities}, and {SST} {Changes} in the {Subpolar} {North} {Atlantic}},
	volume = {16},
	issn = {0894-8755, 1520-0442},
	url = {},
	doi = {10.1175/2787.1},
	abstract = {},
	language = {en},
	number = {14},
	urldate = {2019-04-24},
	journal = {Journal of Climate},
	author = {Flatau, Maria K. and Talley, Lynne and Niiler, Pearn P.},
	month = jul,
	year = {2003},
	pages = {2355--2369},
	file = {}
}

@article{bryan2007,
	title = {Resolution convergence and sensitivity studies with {North} {Atlantic} circulation models. {Part} {I}: {The} western boundary current system},
	volume = {16},
	issn = {14635003},
	shorttitle = {Resolution convergence and sensitivity studies with {North} {Atlantic} circulation models. {Part} {I}},
	url = {},
	doi = {10.1016/j.ocemod.2006.08.005},
	abstract = {},
	language = {en},
	number = {3-4},
	urldate = {2019-04-24},
	journal = {Ocean Modelling},
	author = {Bryan, Frank O. and Hecht, Matthew W. and Smith, Richard D.},
	month = jan,
	year = {2007},
	pages = {141--159},
	file = {}
}

@article{hecht,
	title = {Towards a {Physical} {Understanding} of the {North} {Atlantic}: {A} {Review} of {Model} {Studies} in an {Eddying} {Regime}},
	abstract = {},
	language = {en},
	author = {Hecht, Matthew W and Smith, Richard D},
	pages = {17},
	file = {}
}

@article{drews2015,
	title = {The use of a flow field correction technique for alleviating the {North} {Atlantic} cold bias with application to the {Kiel} {Climate} {Model}},
	volume = {65},
	issn = {1616-7341, 1616-7228},
	url = {},
	doi = {10.1007/s10236-015-0853-7},
	language = {en},
	number = {8},
	urldate = {2019-04-24},
	journal = {Ocean Dynamics},
	author = {Drews, Annika and Greatbatch, Richard J. and Ding, Hui and Latif, Mojib and Park, Wonsun},
	month = aug,
	year = {2015},
	pages = {1079--1093},
	file = {}
}

@article{wang2017,
	title = {Decomposition of the {Mean} {Barotropic} {Transport} in a {High}‐{Resolution} {Model} of the {North} {Atlantic} {Ocean}},
	volume = {44},
	issn = {0094-8276, 1944-8007},
	doi = {10.1002/2017GL074825},
	abstract = {},
	language = {en},
	number = {22},
	urldate = {2020-01-08},
	journal = {Geophysical Research Letters},
	author = {Wang, Yuan and Claus, Martin and Greatbatch, Richard J. and Sheng, Jinyu},
	month = nov,
	year = {2017},
	pages = {11,537--11,546},
	file = {}
}

@article{drews2017,
	title = {Evolution of the {Atlantic} {Multidecadal} {Variability} in a {Model} with an {Improved} {North} {Atlantic} {Current}},
	volume = {30},
	issn = {0894-8755, 1520-0442},
	url = {},
	doi = {10.1175/JCLI-D-16-0790.1},
	abstract = {},
	language = {en},
	number = {14},
	urldate = {2019-04-24},
	journal = {Journal of Climate},
	author = {Drews, Annika and Greatbatch, Richard J.},
	month = jul,
	year = {2017},
	pages = {5491--5512},
	file = {}
}

@article{bower2008,
	title = {Interannual {Variability} in the {Pathways} of the {North} {Atlantic} {Current} over the {Mid}-{Atlantic} {Ridge} and the {Impact} of {Topography}},
	volume = {38},
	abstract = {},
	language = {en},
	journal = {JOURNAL OF PHYSICAL OCEANOGRAPHY},
	author = {Bower, Amy S},
	year = {2008},
	pages = {17},
	file = {}
}

@article{bower2002,
	title = {Directly measured mid-depth circulation in the northeastern {North} {Atlantic} {Ocean}},
	volume = {419},
	issn = {0028-0836},
	doi = {10.1038/nature01078},
	abstract = {},
	language = {eng},
	number = {6907},
	journal = {Nature},
	author = {Bower, A. S. and Le Cann, B. and Rossby, T. and Zenk, W. and Gould, J. and Speer, K. and Richardson, P. L. and Prater, M. D. and Zhang, H.-M.},
	month = oct,
	year = {2002},
	pmid = {12374975},
	pages = {603--607}
}

@article{treguier2005,
	title = {The {North} {Atlantic} {Subpolar} {Gyre} in {Four} {High}-{Resolution} {Models}},
	volume = {35},
	issn = {0022-3670, 1520-0485},
	url = {},
	doi = {10.1175/JPO2720.1},
	abstract = {},
	language = {en},
	number = {5},
	urldate = {2019-04-24},
	journal = {Journal of Physical Oceanography},
	author = {Treguier, A. M. and Theetten, S. and Chassignet, E. P. and Penduff, T. and Smith, R. and Talley, L. and Beismann, J. O. and Böning, C.},
	month = may,
	year = {2005},
	pages = {757--774},
	file = {}
}

@article{deshayes2007,
	title = {Formation and export of deep water in the {Labrador} and {Irminger} {Seas} in a {GCM}},
	volume = {54},
	issn = {09670637},
	url = {},
	doi = {10.1016/j.dsr.2006.12.014},
	abstract = {},
	language = {en},
	number = {4},
	urldate = {2019-04-24},
	journal = {Deep Sea Research Part I: Oceanographic Research Papers},
	author = {Deshayes, Julie and Frankignoul, Claude and Drange, Helge},
	month = apr,
	year = {2007},
	pages = {510--532},
	file = {}
}

@article{daniault2016,
	title = {The northern {North} {Atlantic} {Ocean} mean circulation in the early 21st century},
	volume = {146},
	issn = {00796611},
	url = {},
	doi = {10.1016/j.pocean.2016.06.007},
	abstract = {},
	language = {en},
	urldate = {2019-04-24},
	journal = {Progress in Oceanography},
	author = {Daniault, Nathalie and Mercier, Herl\'e and Lherminier, Pascale and Sarafanov, Artem and Falina, Anastasia and Zunino, Patricia and P\'erez, Fiz F. and R\'ios, Aida F. and Ferron, Bruno and Huck, Thierry and Thierry, Virginie and Gladyshev, Sergey},
	month = aug,
	year = {2016},
	pages = {142--158},
	file = {}
}

@article{hansen2016,
	title = {A stable {Faroe} {Bank} {Channel} overflow 1995--2015},
	volume = {12},
	issn = {1812-0792},
	url = {},
	doi = {10.5194/os-12-1205-2016},
	abstract = {},
	language = {en},
	number = {6},
	urldate = {2019-04-24},
	journal = {Ocean Science},
	author = {Hansen, Bogi and H\'usgar$\eth$ Larsen, Karin Margretha and H\'at\'un, Hj\'almar and $\emptyset$sterhus, Svein},
	month = nov,
	year = {2016},
	pages = {1205--1220},
	file = {}
}

@article{kanzow2014,
	title = {Structure and transport of the {Iceland} {Scotland} {Overflow} plume along the {Reykjanes} {Ridge} in the {Iceland} {Basin}},
	volume = {86},
	issn = {09670637},
	doi = {10.1016/j.dsr.2013.11.003},
	abstract = {},
	language = {en},
	urldate = {2020-01-08},
	journal = {Deep Sea Research Part I: Oceanographic Research Papers},
	author = {Kanzow, Torsten and Zenk, Walter},
	month = apr,
	year = {2014},
	pages = {82--93},
	file = {}
}

@article{rossby2012,
	title = {Direct measurement of volume flux in the {Faroe}-{Shetland} {Channel} and over the {Iceland}-{Faroe} {Ridge}: {DIRECT} {MEASUREMENT} {OF} {CURRENTS}},
	volume = {39},
	issn = {00948276},
	shorttitle = {Direct measurement of volume flux in the {Faroe}-{Shetland} {Channel} and over the {Iceland}-{Faroe} {Ridge}},
	url = {},
	doi = {10.1029/2012GL051269},
	language = {en},
	number = {7},
	urldate = {2019-04-24},
	journal = {Geophysical Research Letters},
	author = {Rossby, T. and Flagg, C. N.},
	month = apr,
	year = {2012},
	pages = {},
	file = {}
}

@article{xu2010,
	title = {Transport of {Nordic} {Seas} overflow water into and within the {Irminger} {Sea}: {An} eddy-resolving simulation and observations},
	volume = {115},
	issn = {0148-0227},
	shorttitle = {Transport of {Nordic} {Seas} overflow water into and within the {Irminger} {Sea}},
	url = {},
	doi = {10.1029/2010JC006351},
	language = {en},
	number = {C12},
	urldate = {2019-04-24},
	journal = {Journal of Geophysical Research},
	author = {Xu, X. and Schmitz, W. J. and Hurlburt, H. E. and Hogan, P. J. and Chassignet, E. P.},
	month = dec,
	year = {2010},
	pages = {},
	file = {}
}

@article{petit2018,
	title = {First {Direct} {Estimates} of {Volume} and {Water} {Mass} {Transports} {Across} the {Reykjanes} {Ridge}},
	volume = {123},
	issn = {21699275},
	url = {},
	doi = {10.1029/2018JC013999},
	language = {en},
	number = {9},
	urldate = {2019-04-24},
	journal = {Journal of Geophysical Research: Oceans},
	author = {Petit, Tillys and Mercier, HerlÃ© and Thierry, Virginie},
	month = sep,
	year = {2018},
	pages = {6703--6719},
	file = {}
}


@article{cuny2002,
	title = {Labrador {Sea} {Boundary} {Currents} and the {Fate} of the {Irminger} {Sea} {Water}},
	volume = {32},
	abstract = {},
	language = {en},
	journal = {JOURNAL OF PHYSICAL OCEANOGRAPHY},
	author = {Cuny, Jerome and Rhines, Peter B and Niiler, Pearn P and Bacon, Sheldon},
	year = {2002},
	pages = {21},
	file = {}
}

@article{holliday2009,
	title = {Circulation and {Transport} in the {Western} {Boundary} {Currents} at {Cape} {Farewell}, {Greenland}},
	volume = {39},
	issn = {0022-3670, 1520-0485},
	url = {},
	doi = {10.1175/2009JPO4160.1},
	abstract = {},
	language = {en},
	number = {8},
	urldate = {2019-04-24},
	journal = {Journal of Physical Oceanography},
	author = {Holliday, N. P. and Bacon, S. and Allen, J. and McDonagh, E. L.},
	month = aug,
	year = {2009},
	pages = {1854--1870},
	file = {}
}

@article{lavender2000,
	title = {Mid-depth recirculation observed in the interior {Labrador} and {Irminger} seas by direct velocity measurements},
	volume = {407},
	issn = {0028-0836, 1476-4687},
	url = {},
	doi = {10.1038/35024048},
	language = {en},
	number = {6800},
	urldate = {2019-04-24},
	journal = {Nature},
	author = {Lavender, Kara L. and Davis, Russ E. and Owens, W. Brechner},
	month = sep,
	year = {2000},
	pages = {66--69},
	file = {}
}

@article{spall2003,
	title = {Wind-{Driven} {Recirculations} and {Exchange} in the {Labrador} and {Irminger} {Seas}},
	volume = {33},
	abstract = {},
	language = {en},
	journal = {JOURNAL OF PHYSICAL OCEANOGRAPHY},
	author = {Spall, Michael A and Pickart, Robert S},
	year = {2003},
	pages = {17},
	file = {}
}

@article{lavender2005,
	title = {The mid-depth circulation of the subpolar {North} {Atlantic} {Ocean} as measured by subsurface floats},
	volume = {52},
	issn = {09670637},
	url = {},
	doi = {10.1016/j.dsr.2004.12.007},
	abstract = {},
	language = {en},
	number = {5},
	urldate = {2019-04-24},
	journal = {Deep Sea Research Part I: Oceanographic Research Papers},
	author = {Lavender, Kara L. and Brechner Owens, W. and Davis, Russ E.},
	month = may,
	year = {2005},
	pages = {767--785},
	file = {}
}

@article{yeager2015,
	title = {Topographic {Coupling} of the {Atlantic} {Overturning} and {Gyre} {Circulations}},
	volume = {45},
	abstract = {},
	language = {en},
	journal = {JOURNAL OF PHYSICAL OCEANOGRAPHY},
	author = {Yeager, Stephen},
	year = {2015},
	pages = {27},
	file = {}
}

@article{hughes2001,
	title = {Why {Western} {Boundary} {Currents} in {Realistic} {Oceans} are {Inviscid}: {A} {Link} between {Form} {Stress} and {Bottom} {Pressure} {Torques}},
	volume = {31},
	abstract = {},
	language = {en},
	journal = {JOURNAL OF PHYSICAL OCEANOGRAPHY},
	author = {Hughes, Chris W and De Cuevas, Beverly A},
	year = {2001},
	pages = {15},
	file = {}
}

@article{csanady1978,
	title = {The {Arrested} {Topographic} {Wave}},
	volume = {8},
	url = {},
	doi = {10.1175/1520-0485(1978)008<0047:TATW>2.0.CO;2},
	language = {en},
	journal = {JOURNAL OF PHYSICAL OCEANOGRAPHY},
	author = {Csanady, G. T.},
	month = jan,
	year = {1978},
	pages = {47--62},
	file = {}
}


@article{daniault2011,
	title = {Circulation and {Transport} at the {Southeast} {Tip} of {Greenland}},
	volume = {41},
	abstract = {},
	language = {en},
	journal = {JOURNAL OF PHYSICAL OCEANOGRAPHY},
	author = {Daniault, Nathalie and Lherminier, Pascale and Mercier, Herle},
	year = {2011},
	pages = {21},
	file = {}
}

@article{lozier2017,
	title = {Overturning in the {Subpolar} {North} {Atlantic} {Program}: {A} {New} {International} {Ocean} {Observing} {System}},
	volume = {98},
	issn = {0003-0007, 1520-0477},
	shorttitle = {Overturning in the {Subpolar} {North} {Atlantic} {Program}},
	url = {},
	doi = {10.1175/BAMS-D-16-0057.1},
	language = {en},
	number = {4},
	urldate = {2019-04-24},
	journal = {Bulletin of the American Meteorological Society},
	author = {Susan Lozier, M. and Bacon, Sheldon and Bower, Amy S. and Cunningham, Stuart A. and Femke de Jong, M. and de Steur, Laura and deYoung, Brad and Fischer, JÃ¼rgen and Gary, Stefan F. and Greenan, Blair J. W. and Heimbach, Patrick and Holliday, Naomi P. and Houpert, LoÃ¯c and Inall, Mark E. and Johns, William E. and Johnson, Helen L. and Karstensen, Johannes and Li, Feili and Lin, Xiaopei and Mackay, Neill and Marshall, David P. and Mercier, HerlÃ© and Myers, Paul G. and Pickart, Robert S. and Pillar, Helen R. and Straneo, Fiammetta and Thierry, Virginie and Weller, Robert A. and Williams, Richard G. and Wilson, Chris and Yang, Jiayan and Zhao, Jian and Zika, Jan D.},
	month = apr,
	year = {2017},
	pages = {737--752},
	file = {}
}

@article{bracco2008,
	title = {Eddy {Formation} near the {West} {Coast} of {Greenland}},
	volume = {38},
	abstract = {},
	language = {en},
	journal = {JOURNAL OF PHYSICAL OCEANOGRAPHY},
	author = {Bracco, Annalisa and Pedlosky, Joseph and Pickart, Robert S},
	year = {2008},
	pages = {11},
	file = {}
}

@article{zhao2018a,
	title = {Structure and {Formation} of {Anticyclonic} {Eddies} in the {Iceland} {Basin}},
	language = {en},
	author = {Zhao, Jian and Bower, Amy and Yang, Jiayan and Lin, Xiaopei and Zhou, Chun},
	year = {2018},
	pages = {48},
	file = {}
}

@article{chapman1989,
	title = {On the {Origin} of {Shelf} {Water} in the {Middle} {Atlantic} {Bight}},
	volume = {19},
	url = {},
	doi = {10.1175/1520-0485(1989)019<0384:OTOOSW>2.0.CO;2},
	journal = {JOURNAL OF PHYSICAL OCEANOGRAPHY},
	author = {Chapman, David C. and Beardsley, Robert C.},
	month = mar,
	year = {1989},
	pages = {384--391},
	file = {}
}

@article{lazier1994,
	title = {Observations in the {Nortwest} {Corner} of the {North} {Atlantic} {Current}},
	volume = {24},
	url = {},
	doi = {10.1175/1520-0485(1994)024<1449:OITNCO>2.0.CO;2},
	language = {en},
	journal = {JOURNAL OF PHYSICAL OCEANOGRAPHY},
	author = {Lazier, John R.},
	month = jul,
	year = {1994},
	pages = {1449--1463},
	file = {}
}

@article{mertz1992,
	title = {Interpretations of the {JEBAR} {Term}},
	volume = {22},
	url = {},
	doi = {10.1175/1520-0485(1992)022<0301:IOTJT>2.0.CO;2},
	language = {en},
	journal = {JOURNAL OF PHYSICAL OCEANOGRAPHY},
	author = {Mertz, Gordon and Wright, Daniel G.},
	month = mar,
	year = {1992},
	pages = {301--305},
	file = {}
}

@article{palter2016,
	title = {Variability of the directly observed, middepth subpolar {North} {Atlantic} circulation},
	volume = {43},
	issn = {0094-8276, 1944-8007},
	url = {},
	doi = {10.1002/2015GL067235},
	abstract = {},
	language = {en},
	number = {6},
	urldate = {2019-04-24},
	journal = {Geophysical Research Letters},
	author = {Palter, Jaime B. and Caron, Charles-Andr\'e and Law, Kara Lavender and Willis, Joshua K. and Trossman, David S. and Yashayaev, Igor M. and Gilbert, Denis},
	month = mar,
	year = {2016},
	pages = {2700--2708},
	file = {}
}

@article{vanaken1995,
	title = {Mean currents and current variability in the iceland basin},
	volume = {33},
	issn = {00777579},
	url = {},
	doi = {10.1016/0077-7579(95)90001-2},
	abstract = {},
	language = {en},
	number = {2},
	urldate = {2019-04-24},
	journal = {Netherlands Journal of Sea Research},
	author = {Van Aken, Hendrik M.},
	month = mar,
	year = {1995},
	pages = {135--145},
	file = {}
}

@article{couvelard2015,
	title = {Mixed layer formation and restratification in presence of mesoscale and submesoscale turbulence},
	volume = {96},
	issn = {14635003},
	url = {},
	doi = {10.1016/j.ocemod.2015.10.004},
	abstract = {},
	language = {en},
	urldate = {2019-04-29},
	journal = {Ocean Modelling},
	author = {Couvelard, X. and Dumas, F. and Garnier, V. and Ponte, A.L. and Talandier, C. and Treguier, A.M.},
	month = dec,
	year = {2015},
	pages = {243--253},
	file = {}
}

@article{dejong2016,
	title = {Seasonal and {Interannual} {Variations} of {Irminger} {Ring} {Formation} and {Boundary}–{Interior} {Heat} {Exchange} in {FLAME}},
	volume = {46},
	issn = {0022-3670, 1520-0485},
	doi = {10.1175/JPO-D-15-0124.1},
	abstract = {},
	language = {en},
	number = {6},
	urldate = {2020-01-08},
	journal = {Journal of Physical Oceanography},
	author = {de Jong, M. F. and Bower, A. S. and Furey, H. H.},
	month = jun,
	year = {2016},
	pages = {1717--1734},
	file = {}
}

@article{zhao2018b,
	title = {Meridional heat transport variability induced by mesoscale processes in the subpolar {North} {Atlantic}},
	volume = {9},
	issn = {2041-1723},
	url = {},
	doi = {10.1038/s41467-018-03134-x},
	language = {en},
	number = {1},
	urldate = {2019-04-30},
	journal = {Nature Communications},
	author = {Zhao, Jian and Bower, Amy and Yang, Jiayan and Lin, Xiaopei and Penny Holliday, N.},
	month = dec,
	year = {2018},
	pages = {1124},
	file = {}
}

@article{lorenz1955,
	title = {Available {Potential} {Energy} and the {Maintenance} of the {General} {Circulation}},
	volume = {7},
	issn = {00402826, 21533490},
	url = {},
	doi = {10.1111/j.2153-3490.1955.tb01148.x},
	abstract = {},
	language = {en},
	number = {2},
	urldate = {2019-04-30},
	journal = {Tellus},
	author = {Lorenz, Edward N.},
	month = may,
	year = {1955},
	pages = {157--167},
	file = {}
}


@article{roullet2014,
	title = {Global interior eddy available potential energy diagnosed from {Argo} floats},
	volume = {41},
	issn = {00948276},
	url = {},
	doi = {10.1002/2013GL059004},
	abstract = {},
	language = {en},
	number = {5},
	urldate = {2019-04-30},
	journal = {Geophysical Research Letters},
	author = {Roullet, Guillaume and Capet, Xavier and Maze, Guillaume},
	month = mar,
	year = {2014},
	pages = {1651--1656},
	file = {}
}

@article{hecht2008,
	title = {Towards a {Physical} {Understanding} of the {North} {Atlantic}: {A} {Review} of {Model} {Studies} in an {Eddying} {Regime}},
	abstract = {},
	language = {en},
	author = {Hecht, Matthew W and Smith, Richard D},
	year = {2008},
	pages = {17},
	file = {}
}

@article{schoonover2016,
	title = {North {Atlantic} {Barotropic} {Vorticity} {Balances} in {Numerical} {Models}},
	volume = {46},
	issn = {0022-3670, 1520-0485},
	url = {},
	doi = {10.1175/JPO-D-15-0133.1},
	abstract = {},
	language = {en},
	number = {1},
	urldate = {2019-05-02},
	journal = {Journal of Physical Oceanography},
	author = {Schoonover, Joseph and Dewar, William and Wienders, Nicolas and Gula, Jonathan and McWilliams, James C. and Molemaker, M. Jeroen and Bates, Susan C. and Danabasoglu, Gokhan and Yeager, Stephen},
	month = jan,
	year = {2016},
	pages = {289--303},
	file = {}
}

@article{fischer2018,
	title = {Mean circulation and {EKE} distribution in the {Labrador} {Sea} {Water} level of the subpolar {North} {Atlantic}},
	volume = {14},
	issn = {1812-0792},
	url = {},
	doi = {10.5194/os-14-1167-2018},
	abstract = {},
	language = {en},
	number = {5},
	urldate = {2019-05-27},
	journal = {Ocean Science},
	author = {Fischer, JÃ¼rgen and Karstensen, Johannes and Oltmanns, Marilena and Schmidtko, Sunke},
	month = oct,
	year = {2018},
	pages = {1167--1183},
	file = {}
}

@article{fan2013,
	title = {Observations of {Irminger} {Sea} {Anticyclonic} {Eddies}},
	volume = {43},
	abstract = {},
	language = {en},
	journal = {JOURNAL OF PHYSICAL OCEANOGRAPHY},
	author = {Fan, Xue and Send, Uwe and Testor, Pierre and Karstensen, Johannes and Lherminier, Pascale},
	year = {2013},
	pages = {19},
	file = {Fan et al. - 2013 - Observations of Irminger Sea Anticyclonic Eddies.pdf:/home/lecorre/Zotero/storage/PSU8DKGH/Fan et al. - 2013 - Observations of Irminger Sea Anticyclonic Eddies.pdf:application/pdf}
}

@article{marzocchi2015,
	title = {The {North} {Atlantic} subpolar circulation in an eddy-resolving global ocean model},
	abstract = {},
	language = {en},
	journal = {Journal of Marine Systems},
	author = {Marzocchi, Alice},
	year = {2015},
	pages = {18},
	file = {}
}

@article{fischer2004,
	title = {Boundary {Circulation} at the {Exit} of the {Labrador} {Sea}},
	volume = {34},
	abstract = {},
	language = {en},
	journal = {JOURNAL OF PHYSICAL OCEANOGRAPHY},
	author = {Fischer, Ju Rgen and Schott, Friedrich A and Dengler, Marcus},
	year = {2004},
	pages = {23},
	file = {}
}

@article{danek2019,
	title = {Effects of high resolution and spinup time on modeled {North} {Atlantic}},
	doi = {10.1175/JPO-D-18-0141.1},
	language = {en},
	journal = {JOURNAL OF PHYSICAL OCEANOGRAPHY},
	author = {Danek, Christopher},
	year = {2019},
	file = {}
}

@article{luyten1985,
	title = {A {Diagnostic} {Study} of the {Northern} {Atlantic} {Subpolar} {Gyre}},
	volume = {15},
	language = {en},
	journal = {JOURNAL OF PHYSICAL OCEANOGRAPHY},
	author = {Luyten, James and Stommel, Henry and Wunsch, Carl},
	year = {1985},
	pages = {1344},
	file = {}
}

@article{wunsch1985,
	title = {Is the {North} {Atlantic} in {Sverdrup} {Balance}?},
	volume = {15},
	language = {en},
	journal = {JOURNAL OF PHYSICAL OCEANOGRAPHY},
	author = {Wunsch, Carl},
	year = {1985},
	pages = {1876},
	file = {}
}

@article{hughes2000,
	title = {A theoretical reason to expect inviscid western boundary currents in realistic oceans},
	volume = {2},
	issn = {14635003},
	url = {},
	doi = {10.1016/S1463-5003(00)00011-1},
	abstract = {},
	language = {en},
	number = {1-2},
	urldate = {2019-05-27},
	journal = {Ocean Modelling},
	author = {Hughes, Chris W.},
	month = jan,
	year = {2000},
	pages = {73--83},
	file = {}
}

@article{jackson2006,
	title = {Topographic {Control} of {Basin} and {Channel} {Flows}: {The} {Role} of {Bottom} {Pressure} {Torques} and {Friction}},
	volume = {36},
	issn = {0022-3670, 1520-0485},
	shorttitle = {Topographic {Control} of {Basin} and {Channel} {Flows}},
	url = {},
	doi = {10.1175/JPO2936.1},
	abstract = {},
	language = {en},
	number = {9},
	urldate = {2019-05-27},
	journal = {Journal of Physical Oceanography},
	author = {Jackson, Laura and Hughes, Chris W. and Williams, Richard G.},
	month = sep,
	year = {2006},
	pages = {1786--1805},
	file = {}
}

@article{spence2012,
	title = {The {Role} of {Bottom} {Pressure} {Torques} on the {Interior} {Pathways} of {North} {Atlantic} {Deep} {Water}},
	volume = {42},
	issn = {0022-3670, 1520-0485},
	url = {},
	doi = {10.1175/2011JPO4584.1},
	abstract = {},
	language = {en},
	number = {1},
	urldate = {2019-05-27},
	journal = {Journal of Physical Oceanography},
	author = {Spence, Paul and Saenko, Oleg A. and Sijp, Willem and England, Matthew},
	month = jan,
	year = {2012},
	pages = {110--125},
	file = {}
}

@article{greatbatch1991,
	title = {A diagnosis of interpentadal circulation changes in the {North} {Atlantic}},
	volume = {96},
	issn = {0148-0227},
	url = {},
	doi = {10.1029/91JC02423},
	language = {en},
	number = {C12},
	urldate = {2019-05-27},
	journal = {Journal of Geophysical Research},
	author = {Greatbatch, Richard J. and Fanning, Augustus F. and Goulding, Allan D. and Levitus, Sydney},
	year = {1991},
	pages = {22009},
	file = {}
}

@article{mellor,
	title = {Comments on "{On} the {Utility} and {Disutility} of {JEBAR}"},
	language = {en},
	author = {Mellor, George},
	year = {1999},
	pages = {2},
	file = {}
}

@article{sonnewald2019,
	title = {Unsupervised {Learning} {Reveals} {Geography} of {Global} {Ocean} {Dynamical} {Regions}},
	issn = {2333-5084, 2333-5084},
	url = {},
	doi = {10.1029/2018EA000519},
	language = {en},
	urldate = {2019-05-28},
	journal = {Earth and Space Science},
	author = {Sonnewald, Maike and Wunsch, Carl and Heimbach, Patrick},
	month = may,
	year = {2019},
	pages = {},
	file = {}
}


@article{munk1950,
	title = {On the wind-driven ocean circulation},
	volume = {7},
	issn = {0095-9634},
	url = {},
	doi = {10.1175/1520-0469(1950)007<0080:OTWDOC>2.0.CO;2},
	abstract = {},
	number = {2},
	urldate = {2019-09-13},
	journal = {Journal of Meteorology},
	author = {Munk, Walter H.},
	month = apr,
	year = {1950},
	pages = {80--93},
	file = {}
}


@article{pacanowski1998,
	title = {Transient {Response} in a {Z}-{Level} {Ocean} {Model} {That} {Resolves} {Topography} with {Partial} {Cells}},
	volume = {126},
	abstract = {},
	language = {en},
	journal = {MONTHLY WEATHER REVIEW},
	author = {Pacanowski, Ronald C and Gnanadesikan, Anand},
	year = {1998},
	pages = {23},
	file = {}
}

@article{ezer2016,
	title = {Revisiting the problem of the {Gulf} {Stream} separation: on the representation of topography in ocean models with different types of vertical grids},
	volume = {104},
	issn = {14635003},
	shorttitle = {Revisiting the problem of the {Gulf} {Stream} separation},
	url = {},
	doi = {10.1016/j.ocemod.2016.05.008},
	abstract = {},
	language = {en},
	urldate = {2019-09-13},
	journal = {Ocean Modelling},
	author = {Ezer, Tal},
	month = aug,
	year = {2016},
	pages = {15--27},
	file = {}
}

@article{ezer2004,
	title = {A generalized coordinate ocean model and a comparison of the bottom boundary layer dynamics in terrain-following and in z-level grids},
	volume = {6},
	issn = {14635003},
	url = {},
	doi = {10.1016/S1463-5003(03)00026-X},
	abstract = {},
	language = {en},
	number = {3-4},
	urldate = {2019-09-13},
	journal = {Ocean Modelling},
	author = {Ezer, Tal and Mellor, George L.},
	month = jan,
	year = {2004},
	pages = {379--403},
	file = {}
}

@article{griffies2009,
	title = {Coordinated {Ocean}-ice {Reference} {Experiments} ({COREs})},
	volume = {26},
	issn = {14635003},
	url = {},
	doi = {10.1016/j.ocemod.2008.08.007},
	abstract = {},
	language = {en},
	number = {1-2},
	urldate = {2019-09-13},
	journal = {Ocean Modelling},
	author = {Griffies, Stephen M. and Biastoch, Arne and Böning, Claus and Bryan, Frank and Danabasoglu, Gokhan and Chassignet, Eric P. and England, Matthew H. and Gerdes, Rüdiger and Haak, Helmuth and Hallberg, Robert W. and Hazeleger, Wilco and Jungclaus, Johann and Large, William G. and Madec, Gurvan and Pirani, Anna and Samuels, Bonita L. and Scheinert, Markus and Gupta, Alex Sen and Severijns, Camiel A. and Simmons, Harper L. and Treguier, Anne Marie and Winton, Mike and Yeager, Stephen and Yin, Jianjun},
	month = jan,
	year = {2009},
	pages = {1--46},
	file = {}
}

@article{talandier2014,
	title = {Improvements of simulated {Western} {North} {Atlantic} current system and impacts on the {AMOC}},
	volume = {76},
	issn = {14635003},
	url = {},
	doi = {10.1016/j.ocemod.2013.12.007},
	abstract = {},
	language = {en},
	urldate = {2019-09-13},
	journal = {Ocean Modelling},
	author = {Talandier, C. and Deshayes, J. and Treguier, A.-M. and Capet, X. and Benshila, R. and Debreu, L. and Dussin, R. and Molines, J.-M. and Madec, G.},
	month = apr,
	year = {2014},
	pages = {1--19},
	file = {}
}


@article{laurindo2017,
	title = {An improved near-surface velocity climatology for the global ocean from drifter observations},
	volume = {124},
	issn = {09670637},
	url = {},
	doi = {10.1016/j.dsr.2017.04.009},
	abstract = {},
	language = {en},
	urldate = {2019-09-13},
	journal = {Deep Sea Research Part I: Oceanographic Research Papers},
	author = {Laurindo, Lucas C. and Mariano, Arthur J. and Lumpkin, Rick},
	month = jun,
	year = {2017},
	pages = {73--92},
	file = {}
}

@article{kase2001,
	title = {On the mid-depth circulation in the {Labrador} and {Irminger} {Seas}},
	volume = {28},
	issn = {00948276},
	url = {},
	doi = {10.1029/2001GL013192},
	abstract = {},
	language = {en},
	number = {18},
	urldate = {2019-09-13},
	journal = {Geophysical Research Letters},
	author = {Käse, R. H. and Biastoch, A. and Stammer, D. B.},
	month = sep,
	year = {2001},
	pages = {3433--3436},
	file = {}
}


@article{paillet1997,
	title = {An inverse model of the eastern {North} {Atlantic} general circulation and thermocline ventilation},
	volume = {44},
	issn = {09670637},
	url = {},
	doi = {10.1016/S0967-0637(97)00019-8},
	abstract = {},
	language = {en},
	number = {8},
	urldate = {2019-09-13},
	journal = {Deep Sea Research Part I: Oceanographic Research Papers},
	author = {Paillet, J\'erôme and Mercier, Herl\'e},
	month = aug,
	year = {1997},
	pages = {1293--1328},
	file = {}
}

@inproceedings{lecorre2019,
	address = {Brest, France},
	title = {On the dynamics of a deep quasi-permanent anticylonic eddy in the {Rockall} {Trough}},
	url = {},
	language = {en},
	publisher = {Association Français de M\'ecanique},
	author = {Le Corre, M and Gula, J and Smilenova, A and Houpert, L},
	year = {2019},
	pages = {12},
	file = {}
}


@article{smilenova,
	title = {On the vertical structure and generation mechanism of a deep anticyclonic vortex in the central Rockall Trough, northeast North Atlantic},
	volume = {},
	issn = {},
	url = {},
	doi = {},
	abstract = {},
	language = {en},
	number = {},
	urldate = {},
	journal = {},
	author = {Smilenova, A and Gula, J.  and Le Corre, M. and Houpert,L. },
	month = {} ,
	year = {to be submitted},
	pages = {},
	file = {}
}


@article{TDBAJS14,
author = {Thomas, Matthew D. and De Boer, Agatha M. and Johnson, Helen L. and Stevens, David P.},
title = {Spatial and Temporal Scales of Sverdrup Balance},
journal = {Journal of Physical Oceanography},
volume = {44},
number = {10},
pages = {2644-2660},
year = {2014},
doi = {10.1175/JPO-D-13-0192.1},
URL = {},
eprint = { https://doi.org/10.1175/JPO-D-13-0192.1},
abstract = {}
}



@article{LBST19,
author = {Le Bras, Isabela Alexander-Astiz and Sonnewald, Maike and Toole, John M.},
title = {A barotropic vorticity budget for the subtropical North Atlantic based on observations},
journal = {Journal of Physical Oceanography},
volume = {49},
number = {},
pages = {2781--2797},
year = {2019},
doi = {10.1175/JPO-D-19-0111.1},

URL = {},
eprint = {https://doi.org/10.1175/JPO-D-19-0111.1},
abstract = {}
}


@InCollection{MW08,
  author = 	 {McWilliams, James C.},
  title =        {The Nature and Consequences of Oceanic Eddies},
  booktitle =        {Ocean Modeling in an Eddying Regime },
  editor = {M.W. Hecht and H. Hasumi},
  publisher =    {AGU, Washington, D. C.},
  year =         {2008},
  doi    = { 10.1029/177GM03}
}


@article{stommel1948,
	title = {The westward intensification of wind-driven ocean currents},
	volume = {29},
	issn = {0002-8606},
	doi = {10.1029/TR029i002p00202},
	language = {en},
	number = {2},
	urldate = {2020-01-08},
	journal = {Transactions, American Geophysical Union},
	author = {Stommel, Henry},
	year = {1948},
	pages = {202}
}

@article{weaver2001,
	title = {The {UVic} earth system climate model: {Model} description, climatology, and applications to past, present and future climates},
	volume = {39},
	issn = {0705-5900, 1480-9214},
	shorttitle = {The {UVic} earth system climate model},
	doi = {10.1080/07055900.2001.9649686},
	language = {en},
	number = {4},
	urldate = {2020-02-12},
	journal = {Atmosphere-Ocean},
	author = {Weaver, Andrew J. and Eby, Michael and Wiebe, Edward C. and Bitz, Cecilia M. and Duffy, Phil B. and Ewen, Tracy L. and Fanning, Augustus F. and Holland, Marika M. and MacFadyen, Amy and Matthews, H. Damon and Meissner, Katrin J. and Saenko, Oleg and Schmittner, Andreas and Wang, Huaxiao and Yoshimori, Masakazu},
	month = dec,
	year = {2001},
	pages = {361--428},
	file = {}
}

@article{smith2010,
	title = {The {Parallel} {Ocean} {Program} ({POP}) {Reference} {Manual}},
	language = {en},
	author = {Smith, R and Jones, P and Briegleb, B and Bryan, F and Danabasoglu, G and Dennis, J and Dukowicz, J and Eden, C and Fox-Kemper, B and Gent, P and Hecht, M and Jayne, S and Jochum, M and Large, W and Lindsay, K and Maltrud, M and Norton, N and Peacock, S and Vertenstein, M and Yeager, S},
	year={2010},
	pages = {141},
	file = {}
}

@incollection{wunsch2013,
	title = {Dynamically and {Kinematically} {Consistent} {Global} {Ocean} {Circulation} and {Ice} {State} {Estimates}},
	volume = {103},
	isbn = {978-0-12-391851-2},
	language = {en},
	urldate = {2020-02-12},
	booktitle = {International {Geophysics}},
	publisher = {Elsevier},
	author = {Wunsch, Carl and Heimbach, Patrick},
	year = {2013},
	doi = {10.1016/B978-0-12-391851-2.00021-0},
	pages = {553--579},
	file = {}
}

@article{brandt2004,
	title = {Seasonal to interannual variability of the eddy field in the {Labrador} {Sea} from satellite altimetry},
	volume = {109},
	issn = {0148-0227},
	doi = {10.1029/2002JC001551},
	language = {en},
	number = {C2},
	urldate = {2020-02-12},
	journal = {Journal of Geophysical Research},
	author = {Brandt, Peter},
	year = {2004},
	pages = {C02028},
	file = {}
}

@article{csanady1997,
	title = {On the {Theories} that {Underlie} {Our} {Understanding} of {Continental} {Shelf} {Circulation}},
	language = {en},
	author = {Csanady, G T},
        year = {1997},
	pages = {23},
	file = {}
}

@article{chapman1986,
	title = {On the {Continuity} of {Mean} {Flow} between the {Scotian} {Shelf} and the {Middle} {Atlantic} {Bight}},
	volume = {16},
	doi = {10.1175/1520-0485(1986)016<0758:OTCOMF>2.0.CO;2},
	journal = {JOURNAL OF PHYSICAL OCEANOGRAPHY},
	author = {Chapman, David C. and Barth, John A. and Beardsley, Robert C. and Fairbanks, Richard G.},
	month = apr,
	year = {1986},
	pages = {758--772},
	file = {}
}
